<collection xmlns="http://www.loc.gov/MARC21/slim"><record><leader>00752nam  2200217   450</leader><controlfield tag="001">963</controlfield><controlfield tag="003">http://montalegre.opacnet.com/OPAC/default.aspx?ContentAreaControl=ShowRegHoldings.ascx&amp;RegNo=16662</controlfield><datafield tag="100" ind1=" " ind2=" "><subfield code="a">19811001d1981    m  y0pora0103    ba</subfield></datafield><datafield tag="101" ind1="1" ind2=" "><subfield code="a">por</subfield><subfield code="c">eng</subfield></datafield><datafield tag="102" ind1=" " ind2=" "><subfield code="a">PT</subfield></datafield><datafield tag="200" ind1="1" ind2=" "><subfield code="a">Servidão humana</subfield><subfield code="f">W. Somerset Maugham</subfield><subfield code="g">trad. António Barata</subfield><subfield code="g">rev. Freitas Leça</subfield></datafield><datafield tag="205" ind1=" " ind2=" "><subfield code="a">13ª ed</subfield></datafield><datafield tag="210" ind1=" " ind2=" "><subfield code="a">Lisboa</subfield><subfield code="c">Livros do Brasil</subfield><subfield code="d">[D.L. 1981]</subfield></datafield><datafield tag="215" ind1=" " ind2=" "><subfield code="a">566, [1] p.</subfield><subfield code="d">22 cm</subfield></datafield><datafield tag="225" ind1="2" ind2=" "><subfield code="a">Dois mundos</subfield><subfield code="v">8</subfield></datafield><datafield tag="304" ind1=" " ind2=" "><subfield code="a">Tít. orig.: Of. human bondage</subfield></datafield><datafield tag="675" ind1=" " ind2=" "><subfield code="a">821</subfield><subfield code="v">BN</subfield><subfield code="z">por</subfield><subfield code="3">288122</subfield></datafield><datafield tag="700" ind1=" " ind2="1"><subfield code="a">Maugham</subfield><subfield code="b">W. Somerset</subfield><subfield code="f">1874-1965</subfield><subfield code="3">30114</subfield></datafield><datafield tag="702" ind1=" " ind2="1"><subfield code="a">Barata</subfield><subfield code="b">António</subfield><subfield code="f">1920-</subfield><subfield code="4">730</subfield><subfield code="3">7553</subfield></datafield><datafield tag="702" ind1=" " ind2="1"><subfield code="a">Leça</subfield><subfield code="b">Mécia de Freitas</subfield><subfield code="4">640</subfield><subfield code="3">65871</subfield></datafield><datafield tag="801" ind1=" " ind2="0"><subfield code="a">PT</subfield><subfield code="b">Biblioteca Municipal de Montalegre</subfield><subfield code="g">RPC</subfield></datafield><datafield tag="909" ind1="&#9;" ind2=" "><subfield code="a">1</subfield></datafield><datafield tag="966" ind1=" " ind2=" "><subfield code="a">0009048</subfield><subfield code="l">BMM</subfield><subfield code="s">SCG 821 MAU ser 8</subfield></datafield></record></collection>